% Encoding: UTF-8

@Article{muenchen,
  title   = {Projekt Client Studie der Landeshauptstadt München Kurzfassung des Abschlussberichts inklusive Nachtrag},
  year    = {2003},
  author = {UNILOG Integrata Unternehmensberatung GmbH},
}

@Misc{Ubuntu,
  author = {Canonical Ubuntu Plans and Pricing},
  title  = {https://www.ubuntu.com/support/plans-and-pricing},
  note   = {Abgerufen am: 28.01.2019},
}

@Misc{protra,
  author = {Protranet Linux Grundkurs},
  title  = {http://www.protranet.de/linux-seminar/training/linux-fuer-einsteigerumsteiger.html},
  note   = {Abgerufen am: 28.01.2019},
}

@Misc{itsch,
  author = {Linux Einstieg für Anwender},
  title  = {https://www.it-schulungen.com/seminare/serversysteme/linux/linux-einstieg.html},
  note   = {Abgerufen am: 28.01.2019},
}

@Comment{jabref-meta: databaseType:bibtex;}
